<record><leader>00000cas a2200000 a 4500</leader><controlfield tag="001">8807446</controlfield><controlfield tag="008">820925d18411843kyuwr ne      0   a0eng  </controlfield><datafield ind1=" " ind2=" " tag="010"><subfield code="a">sn 82015003 </subfield></datafield><datafield ind1=" " ind2=" " tag="040"><subfield code="a">DLC</subfield><subfield code="b">eng</subfield><subfield code="c">DLC</subfield><subfield code="d">NPX</subfield><subfield code="d">DLC</subfield><subfield code="d">KNP</subfield><subfield code="d">OCL</subfield><subfield code="d">OCLCF</subfield><subfield code="d">OCLCO</subfield></datafield><datafield ind1=" " ind2=" " tag="042"><subfield code="a">msc</subfield></datafield><datafield ind1="0" ind2="0" tag="050"><subfield code="a">Newspaper 7885-X</subfield></datafield><datafield ind1="0" ind2=" " tag="130"><subfield code="a">Clarion (Danville, Ky.)</subfield></datafield><datafield ind1="0" ind2="4" tag="245"><subfield code="a">The clarion.</subfield></datafield><datafield ind1=" " ind2=" " tag="260"><subfield code="a">Danville, Ky. :</subfield><subfield code="b">Twyman &amp; Akin,</subfield><subfield code="c">1841-</subfield></datafield><datafield ind1=" " ind2=" " tag="300"><subfield code="a">v. ;</subfield><subfield code="c">68 cm.</subfield></datafield><datafield ind1=" " ind2=" " tag="310"><subfield code="a">Weekly</subfield></datafield><datafield ind1="0" ind2=" " tag="362"><subfield code="a">Vol. 1, no. 1 (Aug. 21, 1841)-</subfield></datafield><datafield ind1="1" ind2=" " tag="362"><subfield code="a">Ceased in 1843.</subfield></datafield><datafield ind1=" " ind2=" " tag="500"><subfield code="a">Publishers: Twyman &amp; Akin, &lt;1841&gt;; R.B.J. Twyman, 1842-1843.</subfield></datafield><datafield ind1=" " ind2=" " tag="500"><subfield code="a">"Whig."</subfield></datafield><datafield ind1=" " ind2=" " tag="500"><subfield code="a">Editor: Robert B.J. Twyman, 1842-1843.</subfield></datafield><datafield ind1=" " ind2="0" tag="651"><subfield code="a">Boyle County (Ky.)</subfield><subfield code="v">Newspapers.</subfield></datafield><datafield ind1=" " ind2="0" tag="651"><subfield code="a">Danville (Ky.)</subfield><subfield code="v">Newspapers.</subfield></datafield><datafield ind1=" " ind2="7" tag="655"><subfield code="a">Newspapers.</subfield><subfield code="2">fast</subfield><subfield code="0">(OCoLC)fst01423814</subfield></datafield><datafield ind1=" " ind2="7" tag="651"><subfield code="a">Kentucky</subfield><subfield code="z">Boyle County.</subfield><subfield code="2">fast</subfield><subfield code="0">(OCoLC)fst01225166</subfield></datafield><datafield ind1=" " ind2="7" tag="651"><subfield code="a">Kentucky</subfield><subfield code="z">Danville.</subfield><subfield code="2">fast</subfield><subfield code="0">(OCoLC)fst01206444</subfield></datafield><datafield ind1=" " ind2=" " tag="752"><subfield code="a">United States</subfield><subfield code="b">Kentucky</subfield><subfield code="c">Boyle</subfield><subfield code="d">Danville.</subfield></datafield><datafield ind1="0" ind2="0" tag="780"><subfield code="t">Mirror (Danville, Ky.)</subfield></datafield><datafield ind1="0" ind2="0" tag="785"><subfield code="t">Kentucky tribune</subfield><subfield code="w">(DLC)sn 82015393</subfield></datafield></record>